\begin{document}

@techreport{pddl98,
    author      = "Malik Ghallab and Adele Howe and Craig Knoblock and Drew McDermott and Ashwin Ram and Manuela Veloso and Daniel Weld and David Wilkins",
    title       = "PDDL --- The Planning Domain Definition Language",
    institution = "AIPS Planning Competition Committee"
    %type       = "", 
    number      = "CVC TR-98-003/DCS TR-1165",
    %address    = "",
    year        = "1998",
    month       = "October",
    %note       = "",   
}

@techreport{appl_nasa,
    author      = "Ricky W. Butler and César A. Muñoz",
    title       = "An Abstract Plan Preparation Language",
    institution = "NASA Langley Research Center, Hampton VA; National Institute of Aerospace, Hampton VA"
    %type       = "", 
    %number     = "",
    %address    = "",
    year        = "2006",
    %month      = "",
    %note       = "",   
}

@techreport{strips70,
    author      = "Nils J. Nilsson and Richard E. Fikes",
    title       = "STRIPS: A NEW APPROACH TO THE APPLICATION OF THEORM PROVING TO PROBLEM SOLVING",
    institution = "Artificial Intelligence Group, Stanford Research Institute"
    %type       = "", 
    %number     = "",
    %address    = "",
    year        = "1970",
    month       = "October",
    %note       = "",   
}

@techreport{gplan97,
    author      = "Avrium L. Blum and Merrick L. Furst",
    title       = "Fast Planning Through Planning Graph Analysis",
    institution = "School of Computer Science, Carnegie Mellon University"
    %type       = "", 
    %number     = "",
    %address    = "",
    year        = "1997",
    %month       = "",
    %note       = "",   
}

@book{ai_elements,
    author      = "Steven L. Tanimo",
    title       = "The Elements of Artificial Intelligence, An Introduction Using LISP",
    publisher = "Computer Science Press"
    %type       = "", 
    %number     = "",
    %address    = "",
    year        = "1987",
    %month       = "",
    %note       = "",   
}

@book{ai_rn,
    author      = "Stuart Russell and Peter Norvig",
    title       = "Artificial Intelligence, A Modern Approach",
    publisher = "Prentice Hall"
    %type       = "", 
    %number     = "",
    %address    = "",
    year        = "2010",
    %month       = "",
    %note       = "",   
}

@book{auto_planning,
    author      = "Malik Ghallab and Dana Nau and Palo Traverso",
    title       = "Automated Planning, Theory and Practice",
    publisher = "Morgan Kaufmann"
    %type       = "", 
    %number     = "",
    %address    = "",
    year        = "2004",
    %month       = "",
    %note       = "",   
}
\end{document}